@article{coda,
  title={Coda: An end-to-end neural program decompiler},
  author={Fu, Cheng and Chen, Huili and Liu, Haolan and Chen, Xinyun and Tian, Yuandong and Koushanfar, Farinaz and Zhao, Jishen},
  journal={Advances in Neural Information Processing Systems},
  volume={32},
  pages={3708--3719},
  year={2019}
}

@inproceedings{kolbitsch2009effective,
  title={Effective and efficient malware detection at the end host.},
  author={Kolbitsch, Clemens and Comparetti, Paolo Milani and Kruegel, Christopher and Kirda, Engin and Zhou, Xiao-yong and Wang, XiaoFeng},
  booktitle={USENIX security symposium},
  volume={4},
  number={1},
  pages={351--366},
  year={2009}
}

@inproceedings{yakdan2016helping,
  title={Helping johnny to analyze malware: A usability-optimized decompiler and malware analysis user study},
  author={Yakdan, Khaled and Dechand, Sergej and Gerhards-Padilla, Elmar and Smith, Matthew},
  booktitle={2016 IEEE Symposium on Security and Privacy (SP)},
  pages={158--177},
  year={2016},
  organization={IEEE}
}

@article{lee2011tie,
  title={TIE: Principled reverse engineering of types in binary programs},
  author={Lee, JongHyup and Avgerinos, Thanassis and Brumley, David},
  year={2011},
  publisher={Carnegie Mellon University}
}

@article{katz2019towards,
  title={Towards neural decompilation},
  author={Katz, Omer and Olshaker, Yuval and Goldberg, Yoav and Yahav, Eran},
  journal={arXiv preprint arXiv:1905.08325},
  year={2019}
}

@inproceedings{bao2014byteweight,
  title={$\{$BYTEWEIGHT$\}$: Learning to recognize functions in binary code},
  author={Bao, Tiffany and Burket, Jonathan and Woo, Maverick and Turner, Rafael and Brumley, David},
  booktitle={23rd $\{$USENIX$\}$ Security Symposium ($\{$USENIX$\}$ Security 14)},
  pages={845--860},
  year={2014}
}

@inproceedings{rosenblum2008learning,
  title={Learning to Analyze Binary Computer Code.},
  author={Rosenblum, Nathan E and Zhu, Xiaojin and Miller, Barton P and Hunt, Karen},
  booktitle={AAAI},
  pages={798--804},
  year={2008}
}

@inproceedings{brumley2013native,
  title={Native x86 decompilation using semantics-preserving structural analysis and iterative control-flow structuring},
  author={Brumley, David and Lee, JongHyup and Schwartz, Edward J and Woo, Maverick},
  booktitle={22nd $\{$USENIX$\}$ Security Symposium ($\{$USENIX$\}$ Security 13)},
  pages={353--368},
  year={2013}
}

@book{cifuentes1994reverse,
  title={Reverse compilation techniques},
  author={Cifuentes, Cristina},
  year={1994},
  publisher={Citeseer}
}

@inproceedings{emmerik2004using,
  title={Using a decompiler for real-world source recovery},
  author={Emmerik, MV and Waddington, Trent},
  booktitle={11th Working Conference on Reverse Engineering},
  pages={27--36},
  year={2004},
  organization={IEEE}
}

@inproceedings{brumley2011bap,
  title={BAP: A binary analysis platform},
  author={Brumley, David and Jager, Ivan and Avgerinos, Thanassis and Schwartz, Edward J},
  booktitle={International Conference on Computer Aided Verification},
  pages={463--469},
  year={2011},
  organization={Springer}
}

@phdthesis{kvroustek2014retargetable,
  title={Retargetable analysis of machine code},
  author={K{\v{r}}oustek, Jakub},
  year={2014},
  school={PhD thesis, Brno, FIT BUT}
}

@inproceedings{dolan2011virtuoso,
  title={Virtuoso: Narrowing the semantic gap in virtual machine introspection},
  author={Dolan-Gavitt, Brendan and Leek, Tim and Zhivich, Michael and Giffin, Jonathon and Lee, Wenke},
  booktitle={2011 IEEE symposium on security and privacy},
  pages={297--312},
  year={2011},
  organization={IEEE}
}

@misc{kvroustek2017retdec,
  title={Retdec: An open-source machine-code decompiler},
  author={K{\v{r}}oustek, Jakub and Matula, Peter and Zemek, P},
  year={2017},
  publisher={December}
}

@misc{hexray,
	author = "Hex-Rays",
	note = "\url{https://www.hex-rays.com/products/decompiler/}",
	title = "{Hex-Ray}"
}

@inproceedings{yakdan2015no,
  title={No More Gotos: Decompilation Using Pattern-Independent Control-Flow Structuring and Semantic-Preserving Transformations.},
  author={Yakdan, Khaled and Eschweiler, Sebastian and Gerhards-Padilla, Elmar and Smith, Matthew},
  booktitle={NDSS},
  year={2015},
  organization={Citeseer}
}

@inproceedings{katz2018using,
  title={Using recurrent neural networks for decompilation},
  author={Katz, Deborah S and Ruchti, Jason and Schulte, Eric},
  booktitle={2018 IEEE 25th International Conference on Software Analysis, Evolution and Reengineering (SANER)},
  pages={346--356},
  year={2018},
  organization={IEEE}
}

@misc{nbref,
  title= {N-BREF: A HIGH-FIDELITY DECOMPILER EXPLOITING PROGRAMMING STRUCTURES},
  note = "\url{https://openreview.net/pdf?id=6GkL6qM3LV}",
  year= {2021}
}

@inproceedings{yang2011finding,
  title={Finding and understanding bugs in C compilers},
  author={Yang, Xuejun and Chen, Yang and Eide, Eric and Regehr, John},
  booktitle={Proceedings of the 32nd ACM SIGPLAN conference on Programming language design and implementation},
  pages={283--294},
  year={2011}
}

@inproceedings{lin2010automatic,
  title={Automatic reverse engineering of data structures from binary execution},
  author={Lin, Zhiqiang and Zhang, Xiangyu and Xu, Dongyan},
  booktitle={Proceedings of the 11th Annual Information Security Symposium},
  pages={1--1},
  year={2010}
}

@techreport{hyyro2001explaining,
  title={Explaining and extending the bit-parallel approximate string matching algorithm of Myers},
  author={Hyyr{\"o}, Heikki},
  year={2001},
  institution={Citeseer}
}

@inproceedings{nguyen2013lexical,
  title={Lexical statistical machine translation for language migration},
  author={Nguyen, Anh Tuan and Nguyen, Tung Thanh and Nguyen, Tien N},
  booktitle={Proceedings of the 2013 9th Joint Meeting on Foundations of Software Engineering},
  pages={651--654},
  year={2013}
}

@article{jean2014using,
  title={On using very large target vocabulary for neural machine translation},
  author={Jean, S{\'e}bastien and Cho, Kyunghyun and Memisevic, Roland and Bengio, Yoshua},
  journal={arXiv preprint arXiv:1412.2007},
  year={2014}
}

@article{shannon2001mathematical,
  title={A mathematical theory of communication},
  author={Shannon, Claude Elwood},
  journal={ACM SIGMOBILE mobile computing and communications review},
  volume={5},
  number={1},
  pages={3--55},
  year={2001},
  publisher={ACM New York, NY, USA}
}

@misc{mips,
	note = "\url{https://github.com/MIPT-ILab/mipt-mips}",
	title = "{MIPS}"
}

@misc{redasm,
	note = "\url{https://github.com/REDasmOrg/REDasm}",
	title = "{RedASM}",
	year={2019}
}

@article{guide2011intel,
  title={Intel{\textregistered} 64 and ia-32 architectures software developerâ€™s manual},
  author={Guide, Part},
  journal={Volume 3B: System programming Guide, Part},
  volume={2},
  number={11},
  year={2011}
}

@article{hennessy1982mips,
  title={MIPS: A microprocessor architecture},
  author={Hennessy, John and Jouppi, Norman and Przybylski, Steven and Rowen, Christopher and Gross, Thomas and Baskett, Forest and Gill, John},
  journal={ACM SIGMICRO Newsletter},
  volume={13},
  number={4},
  pages={17--22},
  year={1982},
  publisher={ACM New York, NY, USA}
}

@article{sanfeliu1983distance,
  title={A distance measure between attributed relational graphs for pattern recognition},
  author={Sanfeliu, Alberto and Fu, King-Sun},
  journal={IEEE transactions on systems, man, and cybernetics},
  number={3},
  pages={353--362},
  year={1983},
  publisher={IEEE}
}

@phdthesis{siegelmann1993foundations,
  title={Foundations of recurrent neural networks},
  author={Siegelmann, Hava Tova},
  year={1993},
  school={Citeseer}
}

@article{cho2014learning,
  title={Learning phrase representations using RNN encoder-decoder for statistical machine translation},
  author={Cho, Kyunghyun and Van Merri{\"e}nboer, Bart and Gulcehre, Caglar and Bahdanau, Dzmitry and Bougares, Fethi and Schwenk, Holger and Bengio, Yoshua},
  journal={arXiv preprint arXiv:1406.1078},
  year={2014}
}

@article{hochreiter1997long,
  title={Long short-term memory},
  author={Hochreiter, Sepp and Schmidhuber, J{\"u}rgen},
  journal={Neural computation},
  volume={9},
  number={8},
  pages={1735--1780},
  year={1997},
  publisher={MIT Press}
}

@article{sutskever2014sequence,
  title={Sequence to sequence learning with neural networks},
  author={Sutskever, Ilya and Vinyals, Oriol and Le, Quoc V},
  journal={arXiv preprint arXiv:1409.3215},
  year={2014}
}

@misc{bucketing,
	note = "\url{https://www.tensorflow.org/tutorials/seq2seq}",
	title = "{Tutorial: Sequence-to-sequence models.}"
}

@inproceedings{henderson2014delexicalisation,
  title={Robust dialog state tracking using delexicalised recurrent neural networks and unsupervised adaptation},
  author={Henderson, Matthew and Thomson, Blaise and Young, Steve},
  booktitle={2014 IEEE Spoken Language Technology Workshop (SLT)},
  pages={360--365},
  year={2014},
  organization={IEEE}
}

@article{vaswani2017attention,
  title={Attention is all you need},
  author={Vaswani, Ashish and Shazeer, Noam and Parmar, Niki and Uszkoreit, Jakob and Jones, Llion and Gomez, Aidan N and Kaiser, Lukasz and Polosukhin, Illia},
  journal={arXiv preprint arXiv:1706.03762},
  year={2017}
}

@article{hamilton2017inductive,
  title={Inductive representation learning on large graphs},
  author={Hamilton, William L and Ying, Rex and Leskovec, Jure},
  journal={arXiv preprint arXiv:1706.02216},
  year={2017}
}

@inproceedings{cornia2020meshed,
  title={Meshed-memory transformer for image captioning},
  author={Cornia, Marcella and Stefanini, Matteo and Baraldi, Lorenzo and Cucchiara, Rita},
  booktitle={Proceedings of the IEEE/CVF Conference on Computer Vision and Pattern Recognition},
  pages={10578--10587},
  year={2020}
}

@article{wang2018glue,
  title={GLUE: A multi-task benchmark and analysis platform for natural language understanding},
  author={Wang, Alex and Singh, Amanpreet and Michael, Julian and Hill, Felix and Levy, Omer and Bowman, Samuel R},
  journal={arXiv preprint arXiv:1804.07461},
  year={2018}
}

@article{wang2019superglue,
  title={Superglue: A stickier benchmark for general-purpose language understanding systems},
  author={Wang, Alex and Pruksachatkun, Yada and Nangia, Nikita and Singh, Amanpreet and Michael, Julian and Hill, Felix and Levy, Omer and Bowman, Samuel R},
  journal={arXiv preprint arXiv:1905.00537},
  year={2019}
}

@article{lu2021codexglue,
  title={CodeXGLUE: A Machine Learning Benchmark Dataset for Code Understanding and Generation},
  author={Lu, Shuai and Guo, Daya and Ren, Shuo and Huang, Junjie and Svyatkovskiy, Alexey and Blanco, Ambrosio and Clement, Colin and Drain, Dawn and Jiang, Daxin and Tang, Duyu and others},
  journal={arXiv preprint arXiv:2102.04664},
  year={2021}
}

@article{feng2020codebert,
  title={Codebert: A pre-trained model for programming and natural languages},
  author={Feng, Zhangyin and Guo, Daya and Tang, Duyu and Duan, Nan and Feng, Xiaocheng and Gong, Ming and Shou, Linjun and Qin, Bing and Liu, Ting and Jiang, Daxin and others},
  journal={arXiv preprint arXiv:2002.08155},
  year={2020}
}

@article{devlin2018bert,
  title={Bert: Pre-training of deep bidirectional transformers for language understanding},
  author={Devlin, Jacob and Chang, Ming-Wei and Lee, Kenton and Toutanova, Kristina},
  journal={arXiv preprint arXiv:1810.04805},
  year={2018}
}

@article{radford2019better,
  title={Better language models and their implications},
  author={Radford, Alec and Wu, Jeffrey and Amodei, Dario and Amodei, Daniela and Clark, Jack and Brundage, Miles and Sutskever, Ilya},
  journal={OpenAI Blog https://openai. com/blog/better-language-models},
  year={2019}
}

@article{husain2019codesearchnet,
  title={Codesearchnet challenge: Evaluating the state of semantic code search},
  author={Husain, Hamel and Wu, Ho-Hsiang and Gazit, Tiferet and Allamanis, Miltiadis and Brockschmidt, Marc},
  journal={arXiv preprint arXiv:1909.09436},
  year={2019}
}





@inproceedings{langley00,
 author    = {P. Langley},
 title     = {Crafting Papers on Machine Learning},
 year      = {2000},
 pages     = {1207--1216},
 editor    = {Pat Langley},
 booktitle     = {Proceedings of the 17th International Conference
              on Machine Learning (ICML 2000)},
 address   = {Stanford, CA},
 publisher = {Morgan Kaufmann}
}

@TechReport{mitchell80,
  author = 	 "T. M. Mitchell",
  title = 	 "The Need for Biases in Learning Generalizations",
  institution =  "Computer Science Department, Rutgers University",
  year = 	 "1980",
  address =	 "New Brunswick, MA",
}

@phdthesis{kearns89,
  author = {M. J. Kearns},
  title =  {Computational Complexity of Machine Learning},
  school = {Department of Computer Science, Harvard University},
  year =   {1989}
}

@Book{MachineLearningI,
  editor = 	 "R. S. Michalski and J. G. Carbonell and T.
		  M. Mitchell",
  title = 	 "Machine Learning: An Artificial Intelligence
		  Approach, Vol. I",
  publisher = 	 "Tioga",
  year = 	 "1983",
  address =	 "Palo Alto, CA"
}

@Book{DudaHart2nd,
  author =       "R. O. Duda and P. E. Hart and D. G. Stork",
  title =        "Pattern Classification",
  publisher =    "John Wiley and Sons",
  edition =      "2nd",
  year =         "2000"
}

@misc{anonymous,
  title= {Suppressed for Anonymity},
  author= {Author, N. N.},
  year= {2021}
}

@InCollection{Newell81,
  author =       "A. Newell and P. S. Rosenbloom",
  title =        "Mechanisms of Skill Acquisition and the Law of
                  Practice", 
  booktitle =    "Cognitive Skills and Their Acquisition",
  pages =        "1--51",
  publisher =    "Lawrence Erlbaum Associates, Inc.",
  year =         "1981",
  editor =       "J. R. Anderson",
  chapter =      "1",
  address =      "Hillsdale, NJ"
}


@Article{Samuel59,
  author = 	 "A. L. Samuel",
  title = 	 "Some Studies in Machine Learning Using the Game of
		  Checkers",
  journal =	 "IBM Journal of Research and Development",
  year =	 "1959",
  volume =	 "3",
  number =	 "3",
  pages =	 "211--229"
}

@article{ben2018neural,
  title={Neural code comprehension: A learnable representation of code semantics},
  author={Ben-Nun, Tal and Jakobovits, Alice Shoshana and Hoefler, Torsten},
  journal={arXiv preprint arXiv:1806.07336},
  year={2018}
}

@article{ye2020context,
  title={Context-Aware Parse Trees},
  author={Ye, Fangke and Zhou, Shengtian and Venkat, Anand and Marcus, Ryan and Petersen, Paul and Tithi, Jesmin Jahan and Mattson, Tim and Kraska, Tim and Dubey, Pradeep and Sarkar, Vivek and others},
  journal={arXiv preprint arXiv:2003.11118},
  year={2020}
}

@article{iyer2020software,
  title={Software Language Comprehension using a Program-Derived Semantic Graph},
  author={Iyer, Roshni G and Sun, Yizhou and Wang, Wei and Gottschlich, Justin},
  journal={arXiv preprint arXiv:2004.00768},
  year={2020}
}

@inproceedings{bai2019simgnn,
  title={Simgnn: A neural network approach to fast graph similarity computation},
  author={Bai, Yunsheng and Ding, Hao and Bian, Song and Chen, Ting and Sun, Yizhou and Wang, Wei},
  booktitle={Proceedings of the Twelfth ACM International Conference on Web Search and Data Mining},
  pages={384--392},
  year={2019}
}

@article{lu2019program,
  title={Program Classification Using Gated Graph Attention Neural Network for Online Programming Service},
  author={Lu, Mingming and Tan, Dingwu and Xiong, Naixue and Chen, Zailiang and Li, Haifeng},
  journal={arXiv preprint arXiv:1903.03804},
  year={2019}
}

@inproceedings{li2019graph,
  title={Graph matching networks for learning the similarity of graph structured objects},
  author={Li, Yujia and Gu, Chenjie and Dullien, Thomas and Vinyals, Oriol and Kohli, Pushmeet},
  booktitle={International Conference on Machine Learning},
  pages={3835--3845},
  year={2019},
  organization={PMLR}
}